<?xml version="1.0" encoding="UTF-8"?><collection xmlns="http://www.loc.gov/MARC21/slim"><record><leader>00542nam--2200193-i-4500</leader><controlfield tag="001">000040628</controlfield><controlfield tag="002">20161230</controlfield><controlfield tag="005">20161230201042</controlfield><controlfield tag="008">060222s1000------------r-----000-0-ger-d</controlfield><datafield ind1=" " ind2=" " tag="020"><subfield code="a">3110020742</subfield></datafield><datafield ind1=" " ind2=" " tag="040"><subfield code="a">IFIN-HH</subfield></datafield><datafield ind1=" " ind2=" " tag="041"><subfield code="a">ger</subfield></datafield><datafield ind1=" " ind2=" " tag="080"><subfield code="a">621.512.45:539.1.074.8</subfield></datafield><datafield ind1="1" ind2=" " tag="100"><subfield code="a">Schneider,Wolfdietrich</subfield></datafield><datafield ind1="1" ind2="0" tag="245"><subfield code="a">Neutronenmesstechnik und ihre anwendung an kernreaktoren</subfield><subfield code="c">Wolfdietrich schneider</subfield></datafield><datafield ind1=" " ind2=" " tag="260"><subfield code="a">Berlin</subfield><subfield code="b">Walter De Gruyter</subfield><subfield code="c">1973</subfield></datafield><datafield ind1=" " ind2=" " tag="300"><subfield code="a">XII + 454 P</subfield></datafield><datafield ind1=" " ind2=" " tag="852"><subfield code="a">42416</subfield><subfield code="c">539.163.2</subfield></datafield><datafield ind1=" " ind2=" " tag="CAT"><subfield code="a">Sys</subfield><subfield code="c">20120524</subfield><subfield code="h">162429</subfield></datafield></record></collection>